@misc{dries,
	author = {Lou van den Dries},
	title = {Mathematical Logic},
	year = {2007},
	month = {Fall Semester},
	key = {DRI},
	howpublished = "\url{http://www.math.uiuc.edu/~henson/Math570/Fall2009/Math570notes.pdf}",
	shorthand = {Dries2007}
}

@book{halmos,
	author = {Halmos, Paul},
	title = {Naive Set Theory},
	publisher = {Springer-Verlag},
	series = {Undergraduate Texts in Mathematics},
	key = {HAL},
	year = {1974}
}

