@book{doCarmo94,
	author = {do Carmo, Manfredo P},
	title = {Differential forms and applications},
	publisher = {Springer},
	year = {2004}
}

@booklet{chamizo07,
	title = {Geometría {IV}},
	year = 2007,
	author = {Chamizo Lorente, Fernando},
	howpublished = {\url{http://www.uam.es/personal_pdi/ciencias/fchamizo/libreria/fich/apgeomiv08.pdf}}
}

@BOOKLET{bryan,
	title = {Differential Forms},
	author = {Bryan, Kurt},
	howpublished = {\url{https://www.rose-hulman.edu/~bryan/lottamath/difform.pdf}}
}

@BOOKLET{diaz03,
	title = {Geometría {III}},
	year = 2003,
	author = {Díaz Miranda, Antonio},
	howpublished = {\url{https://www.uam.es/personal_pdi/ciencias/fchamizo/realquiler/fich/geomiii.pdf}}
}

% Optional fields: volume/number, series, address, edition, month, note
@BOOK{spivak05,
	author = {Spivak, Michael},
	title = {A Comprehensive Introduction to Differential Geometry},
	publisher = {Publish or Peris, Inc.},
	year = {2005},
	edition = 3,
	volume = 1
}

