% For some odd reason, bibTex doesn't like Guillermo's second family name
% so don't write it or it won't compile!!!
@misc{apuntesEA,
	author = {Valero, Pedro and Ruiz, Guillermo},
	title = {Apuntes Estructuras Algebraicas},
	year = {2013-2014},
	month = {Fall Semester},
	key = {AEA},
	howpublished = {\url{http://github.com/Vicdejuan/Apuntes}},
	shorthand = {EA2013-14}
}

@book{reidAG,
	author = {Reid, Miles},
	title = {Undergraduate Commutative Algebra},
	publisher = {Cambride University Press},
	series = {London Mathematical Society Student Texts},
	key = {RAG},
	year = {2002},
	shorthand = {RAG}
}

@book{reidCA,
	author = {Reid, Miles},
	title = {Undergraduate Algebraic Geometry},
	publisher = {Cambride University Press},
	series = {London Mathematical Society Student Texts},
	key = {RCA},
	year = {1989},
	shorthand = {RCA}
}



